@article{tang2020,
author = {Debarghya Ghoshdastidar and Maurilio Gutzeit and Alexandra Carpentier and Ulrike von Luxburg},
title = {{Two-sample hypothesis testing for inhomogeneous random graphs}},
volume = {48},
journal = {The Annals of Statistics},
publisher = {Institute of Mathematical Statistics},
pages = {2208 -- 2229},
year = {2020},
URL = {https://doi.org/10.1214/19-AOS1884}
}

@article{tang2017a,
author = {Minh Tang and Avanti Athreya and Daniel L. Sussman and Vince Lyzinski and Youngser Park and Carey E. Priebe},
title = {A Semiparametric Two-Sample Hypothesis Testing Problem for Random Graphs},
journal = {Journal of Computational and Graphical Statistics},
volume = {26},
number = {2},
pages = {344--354},
year = {2017},
publisher = {ASA Website},
URL = {  https://doi.org/10.1080/10618600.2016.1193505}
}
@article{tang2017b,
author = {Minh Tang and Avanti Athreya and Daniel L. Sussman and Vince Lyzinski and Carey E. Priebe},
title = {{A nonparametric two-sample hypothesis testing problem for random graphs}},
volume = {23},
journal = {Bernoulli},
number = {3},
publisher = {Bernoulli Society for Mathematical Statistics and Probability},
pages = {1599 -- 1630},
keywords = {empirical process, nonparametric graph inference, random dot product graph},
year = {2017},
URL = {https://doi.org/10.3150/15-BEJ789}
}
